<record><leader>00000cas a2200000 a 4500</leader><controlfield tag="001">41473834</controlfield><controlfield tag="008">990602c19979999iludr ne      0    0eng c</controlfield><datafield ind1=" " ind2=" " tag="010"><subfield code="a">sn2008058179</subfield></datafield><datafield ind1=" " ind2=" " tag="040"><subfield code="a">JCS</subfield><subfield code="b">eng</subfield><subfield code="c">JCS</subfield><subfield code="d">OCLCQ</subfield><subfield code="d">DLC</subfield><subfield code="d">OCLCQ</subfield><subfield code="d">OCLCF</subfield><subfield code="d">OCLCO</subfield></datafield><datafield ind1=" " ind2=" " tag="032"><subfield code="a">032020</subfield><subfield code="b">USPS</subfield></datafield><datafield ind1=" " ind2=" " tag="042"><subfield code="a">pcc</subfield></datafield><datafield ind1=" " ind2=" " tag="043"><subfield code="a">n-us-il</subfield></datafield><datafield ind1="0" ind2=" " tag="130"><subfield code="a">Daily herald (Arlington Heights, Ill. : Tri-cities ed.)</subfield></datafield><datafield ind1="1" ind2="0" tag="245"><subfield code="a">Daily herald.</subfield></datafield><datafield ind1=" " ind2=" " tag="250"><subfield code="a">[Tri-cities ed.].</subfield></datafield><datafield ind1=" " ind2=" " tag="260"><subfield code="a">Arlington Heights, Ill. :</subfield><subfield code="b">Paddock Publications</subfield></datafield><datafield ind1=" " ind2=" " tag="300"><subfield code="a">v.</subfield></datafield><datafield ind1=" " ind2=" " tag="310"><subfield code="a">Daily</subfield></datafield><datafield ind1="0" ind2=" " tag="362"><subfield code="a">Nov. 15, 1997-</subfield></datafield><datafield ind1=" " ind2=" " tag="500"><subfield code="a">Issued also in numerous eds.</subfield></datafield><datafield ind1=" " ind2="0" tag="651"><subfield code="a">Geneva (Ill.)</subfield><subfield code="v">Newspapers.</subfield></datafield><datafield ind1=" " ind2="0" tag="651"><subfield code="a">Batavia (Ill.)</subfield><subfield code="v">Newspapers.</subfield></datafield><datafield ind1=" " ind2="7" tag="655"><subfield code="a">Newspapers.</subfield><subfield code="2">fast</subfield><subfield code="0">(OCoLC)fst01423814</subfield></datafield><datafield ind1=" " ind2="7" tag="651"><subfield code="a">Illinois</subfield><subfield code="z">Batavia.</subfield><subfield code="2">fast</subfield><subfield code="0">(OCoLC)fst01209161</subfield></datafield><datafield ind1=" " ind2="7" tag="651"><subfield code="a">Illinois</subfield><subfield code="z">Geneva.</subfield><subfield code="2">fast</subfield><subfield code="0">(OCoLC)fst01226534</subfield></datafield><datafield ind1=" " ind2=" " tag="752"><subfield code="a">United States</subfield><subfield code="b">Illinois</subfield><subfield code="c">Kane.</subfield></datafield><datafield ind1="4" ind2="1" tag="856"><subfield code="3">World Wide Web edition</subfield><subfield code="u">http://www.dailyherald.com/</subfield></datafield></record>